@STRING{IEEE_T_INFO       = "{IEEE} Trans. Inform. Theory"}
@STRING{ICC       = "{IEEE ICC}"}
@STRING{IEEE_JSAC       = "{IEEE} J. Select. Areas Commun."}
@STRING{JACM      = "J. of the {ACM}"}
@STRING{IEEE_COMM    = "{IEEE} Communications Magazine"}
@STRING{IEEE_TOC     = "{IEEE} Trans. Commun."}
@STRING{SICOMP       = "{SIAM} J. on Computing"}
@STRING{TON     = "{IEEE/ACM} Trans. Netw."}
@STRING{IEEE_J_COML       = "{IEEE} Commun. Lett."}
@STRING{IEEE_J_C          = "{IEEE} Trans. Comput."}
@STRING{IEEE_J_COMM         = "{IEEE} Trans. Commun."}
@string{tnet = "IEEE/ACM Transactions on Networking"}

@STRING{INFOCOM         = "{IEEE Infocom}"}
@STRING{GLOBECOM        = "{IEEE Globecom}"}
@STRING{AUTOCON        = "{IEEE Auto. Con.}"}
@STRING{SIGCOMM         = "{ACM SIGCOMM}"}
@STRING{NSDI         = "{USENIX NSDI}"}
@STRING{CONEXT         = "{ACM CoNEXT}"}
@String{sigcommccr = "{ACM SIGCOMM CCR}" }
@string{sigcomm = "ACM SIGCOMM"}
@String{icnp = "IEEE ICNP"}
@string{sosp = "SOSP"}
@string{infocom = "IEEE Infocom"}
@string{sigmetrics = "ACM SIGMETRICS"}
@string{conext = "ACM CoNEXT"}
@string{hotnets = "ACM HotNets"}
@string{imc = "ACM Internet Measurement Conference"}
@string{nsdi = "Usenix NSDI"}
@string{ancs = "ACM/IEEE ANCS"}
@string{allerton = "IEEE Allerton Conference"}
@string{isit = "IEEE ISIT"}
@string{isca = "ACM/IEEE ISCA"}
@string{micro = "IEEE/ACM MICRO"}




@article{B4,
  title={B4: Experience with a globally-deployed software defined WAN},
  author={Jain, Sushant and Kumar, Alok and Mandal, Subhasree and Ong, Joon and Poutievski, Leon and Singh, Arjun and Venkata, Subbaiah and Wanderer, Jim and Zhou, Junlan and Zhu, Min and others},
  journal=sigcommccr,
  volume={43},
  number={4},
  pages={3--14},
  year={2013},

}  publisher={ACM}

@misc{salesforce,
howpublished={\url{https://www.salesforce.com}},
title={Salesforce}
}

@misc{zendesk,
howpublished={\url{https://www.zendesk.com/}},
title={Zendesk}
}

@misc{workday,
howpublished={\url{https://www.workday.com/}},
title={Workday}
}

@misc{icmp4j,
title={icmp4j},
howpublished={\url{http://www.icmp4j.org/d/index.html}}
}

@article{DNS2,
  title={A Precise and Efficient Evaluation of the Proximity Between Web Clients and Their Local {DNS} Servers.},
  author={Mao, Zhuoqing Morley and Cranor, Charles D and Douglis, Fred and Rabinovich, Michael and Spatscheck, Oliver and Wang, Jia},
  article={{USENIX ATC}},
  year={2002}
}  pages={229--242},

@article{DNS,
  title={On the effectiveness of {DNS}-based server selection},
  author={Shaikh, Anees and Tewari, Renu and Agrawal, Mukesh},
  article=INFOCOM,
  year={2001},

}booktitle={INFOCOM 2001. Twentieth Annual Joint Conference of the IEEE Computer and Communications Societies. Proceedings. IEEE},
  volume={3},
  pages={1801--1810},  organization={IEEE}

@article{WAN,
author={Metzler, Jim and Taylor, Steven},
title={State of the {WAN}},
journal={Report},
year=2015
}

@article{tools,
  title={End-to-end available bandwidth estimation tools, an experimental comparison},
  author={Goldoni, Emanuele and Schivi, Marco},
  journal={International Workshop on Traffic Monitoring and Analysis},
  year={2010},
}  organization={Springer}  pages={171--182},

@article{RON,
 author = {Andersen, David and Balakrishnan, Hari and Kaashoek, Frans and Morris, Robert},
 title = {Resilient Overlay Networks},
 journal={{ACM SOSP}},
 year = {2001},
}  series = {SOSP '01}, isbn = {1-58113-389-8},
 location = {Banff, Alberta, Canada},
 pages = {131--145},
 numpages = {15},
 url = {http://doi.acm.org/10.1145/502034.502048},
 doi = {10.1145/502034.502048},
 acmid = {502048},
 publisher = {ACM},
 address = {New York, NY, USA},

@misc{iperf,
title={iperf3},
howpublished={\url{https://iperf.fr/}}
}

@misc{curl,
title={curl},
howpublished={\url{https://curl.haxx.se/}}
}


@misc{iperf-aws,
title={How do {I} benchmark network throughput on an {Amazon EC2 Linux} instance?},
howpublished={\url{https://aws.amazon.com/premiumsupport/knowledge-center/network-throughput-benchmark-linux-ec2/}}
}

@misc{pathchirp,
title={Pathchirp},
howpublished={\url{http://www.spin.rice.edu/Software/pathChirp/}}
}

@misc{pathload,
title={Pathload},
howpublished={\url{http://www.cc.gatech.edu/~dovrolis/bw-est/pathload.html}}
}

@misc{google-ovs,
author={Robert Akerblom-Andersson},
title={{Openvswitch on Google Cloud VM}},
howpublished={\url{https://mail.openvswitch.org/pipermail/ovs-discuss/2016-May/041331.html}}
}

@article{offload,
  title={Toward performance optimization with {CPU} offloading for virtualized multi-tenant data center networks},
  author={Lin, An-Dee and Franke, Hubertus and Li, Chung-Sheng and Liao, Wanjiun},
  journal={IEEE Network},
  volume={30},
  number={3},
  pages={59--63},
  year={2016},

}  publisher={IEEE}

@article{laas,
  title={{Links as a Service (LaaS)}: Guaranteed tenant isolation in the shared cloud},
  author={Zahavi, Eitan and Shpiner, Alexander and Rottenstreich, Ori and Kolodny, Avinoam and Keslassy, Isaac},
  journal={{ACM/IEEE ANCS}},
  year={2016},
}  organization={ACM}  pages={87--98},

@article{pretium,
  title={Dynamic Pricing and Traffic Engineering for Timely Inter-Datacenter Transfers},
  author={Jalaparti, Virajith and Bliznets, Ivan and Kandula, Srikanth and Lucier, Brendan and Menache, Ishai},
 journal=sigcomm,

  year={2016},

} pages={73--86},  organization={ACM}

@article{nira,
  title={{NIRA}: a new inter-domain routing architecture},
  author={Yang, Xiaowei and Clark, David and Berger, Arthur W},
  journal={IEEE/ACM Transactions on Networking (ToN)},
  volume={15},
  number={4},
  pages={775--788},
  year={2007},
}  publisher={IEEE Press}

@article{costlo,
  title={{CosTLO}: Cost-Effective Redundancy for Lower Latency Variance on Cloud Storage Services.},
  author={Wu, Zhe and Yu, Curtis and Madhyastha, Harsha V},
  journal=NSDI,
  year={2015}
}  pages={543--557},

@article{hybris,
  title={Hybris: Robust hybrid cloud storage},
  author={Dobre, Dan and Viotti, Paolo and Vukoli{\'c}, Marko},
  journal={ACM Symposium on Cloud Computing},
  year={2014},
}  pages={1--14},  organization={ACM}

@article{iridium,
  title={Low latency geo-distributed data analytics},
  author={Pu, Qifan and Ananthanarayanan, Ganesh and Bodik, Peter and Kandula, Srikanth and Akella, Aditya and Bahl, Paramvir and Stoica, Ion},
  journal={ACM SIGCOMM Computer Communication Review},
  year={2015},volume={45},
  number={4},
  pages={421--434}, 
}   publisher={ACM}

@article{spanstore,
  title={{SPANStore}: Cost-effective geo-replicated storage spanning multiple cloud services},
  author={Wu, Zhe and Butkiewicz, Michael and Perkins, Dorian and Katz-Bassett, Ethan and Madhyastha, Harsha V},
  journal = {{ACM SOSP}},
  year={2013},
}  pages={292--308},  organization={ACM}

@article{multidimensional,
  title={Multidimensional cloud latency monitoring and evaluation},
  author={Tomanek, Ondrej and Mulinka, Pavol and Kencl, Lukas},
  journal={Elsevier Computer Networks},
  volume={107},
  pages={104--120},
  year={2016},
}  publisher={Elsevier}

@article{unusual,
  title={Detecting Unusually-Routed {ASes}: Methods and Applications},
  author={Comarela, Giovanni and Terzi, Evimaria and Crovella, Mark},
  journal={ACM IMC},
  year={2016},
}  pages={445--459},  organization={ACM}

@article{one-hop,
  title={Are We One Hop Away from a Better Internet?},
  author={Chiu, Yi-Ching and Schlinker, Brandon and Radhakrishnan, Abhishek Balaji and Katz-Bassett, Ethan and Govindan, Ramesh},
  journal={ACM IMC},
  year={2015},
 }  pages={523--529}, organization={ACM}

@misc{teridion,
title={Teridion},
howpublished={\url{https://teridion.com/}}
}

@misc{akamai,
title={Akamai},
howpublished={\url{http://www.akamai.com/}}
}

@misc{aryaka,
title={Aryaka},
howpublished={\url{http://www.aryaka.com/}}
}

@misc{cato,
title={Cato Networks},
howpublished={\url{http://www.catonetworks.com}}
}

@misc{virtela,
title={Virtela},
howpublished={\url{http://www.virtela.net/}}
}



article{cronets,
  title={{CRONets}: Cloud-Routed Overlay Networks},
  author={Cai, Chris and Le, Franck and Sun, Xin and Xie, Geoffrey and Jamjoom, Hani and Campbell, Roy},
  journal={ICDCS},
  year=2016
}

@article{footprint,
  title={Efficiently delivering online services over integrated infrastructure},
  author={Liu, Hongqiang Harry and Viswanathan, Raajay and Calder, Matt and Akella, Aditya and Mahajan, Ratul and Padhye, Jitendra and Zhang, Ming},
  journal=NSDI,
  year={2016}
}

@article{arrow,
  title={One tunnel is (often) enough},
  author={Anderson, Q Zhang D Woos T and Peter, A Krishnamurthy S and Javed, U},
  journal=SIGCOMM,
  year={2014}
}

@article{fastroute,
  title={Fast{R}oute: A scalable load-aware anycast routing architecture for modern {CDN}s},
  author={Flavel, Ashley and Mani, Pradeepkumar and Maltz, David A and Holt, Nick and Liu, Jie and Chen, Yingying and Surmachev, Oleg},
  journal=NSDI,
  year={2015}
}

@article{acdc,
  title={{AC/DC TCP}: Virtual Congestion Control Enforcement
for Datacenter Networks},
  author={He, Keqiang and  Rozner, Eric and Agarwal Kanak and Gu, Yu and 
Felter, Wes and Carter, John and Akella,  Aditya},
  journal=SIGCOMM,
  year={2016},
}

@article{fibbing,
  title={Central control over distributed routing},
  author={Vissicchio, Stefano and Tilmans, Olivier and Vanbever, Laurent and Rexford, Jennifer},
  journal=SIGCOMM,
  year={2015},
}  volume={45},
  number={4},
  pages={43--56},  publisher={ACM}

@article{f5,
   title={Optimize {WAN and LAN} Application Performance with {TCP Express}},
   author={F5 Networks},
   year=2007,
   month=August
}

@article{fastpass,
 author = {Perry, Jonathan and Ousterhout, Amy and Balakrishnan, Hari and Shah, Devavrat and Fugal, Hans},
 title = {Fastpass: A Centralized "Zero-queue" Datacenter Network},
 journal = {SIGCOMM Comput. Commun. Rev.},
 issue_date = {October 2014},
 volume = {44},
 number = {4},
 month = aug,
 year = {2014},
 issn = {0146-4833},
 pages = {307--318},
 numpages = {12},
 url = {http://doi.acm.org/10.1145/2740070.2626309},
 doi = {10.1145/2740070.2626309},
 acmid = {2626309},
 publisher = {ACM},
 address = {New York, NY, USA},
 keywords = {arbiter, centralized, data plane, datacenter, high throughput, low latency, scheduling, zero-queue}
}

article{laas,
  title={{Links as a {S}ervice ({LaaS})}:
Guaranteed Tenant Isolation in the Shared Cloud},
  author={Zahavi, Eitan and Shpiner, Alexander and Rottenstreich, Ori and Kolodny, Avinoam and Keslassy, Isaac},
  journal={ACM/IEEE ANCS},
  year=2016
}

@misc{vcc,
title={{vCC project}},
howpublished={\url{http://webee.technion.ac.il/~isaac/vcc/}}
} {Reproducible code and experimental settings}
howpublished={\url{https://www.dropbox.com/sh/thvit2g8oqjutib/AADTJDSGeybRmLujjEH-QpNua?dl=0}}


@misc{microsoft,
title={{Microsoft Hyper-V Extensible Switch}},
howpublished={\url{https://msdn.microsoft.com/en-us/library/windows/hardware/jj673961%28v=vs.85%29.aspx}}
}

@misc{dvfilter,
title={{VMware vSphere DVFilter}},
howpublished={\url{https://pubs.vmware.com/vsphere-60/index.jsp?topic=%2Fcom.vmware.vsphere.networking.doc%2FGUID-639ED633-A89A-470F-8056-5BB71E8C3F8F.html}}
}

@misc{ovs,
title={{Open vSwitch}},
howpublished={\url{http://openvswitch.org/}}
}

@misc{rfc5681,
title={{RFC 5681}},
howpublished={\url{https://tools.ietf.org/html/rfc5681}}
}

@misc{dctcp,
	title={{TCP Congestion Control for Datacenters}},
	howpublished={\url{https://tools.ietf.org/html/draft-bensley-tcpm-dctcp-05}}
}

@misc{PRR,
	title={{Proportional Rate Reduction for TCP}},
	howpublished={\url{https://tools.ietf.org/html/rfc6937}}
}

@misc{rfc6582,
title={{RFC 6582}},
howpublished={\url{https://tools.ietf.org/html/rfc6582}}
}

@techreport{rfc4301,
AUTHOR = "Stephen Kent and Karen Seo",
TITLE = "{Security Architecture for the Internet Protocol}",
HOWPUBLISHED = {Internet Requests for Comments},
TYPE="{RFC}",
NUMBER=4301,
PAGES = {1-101},
YEAR = {2005},
MONTH = {December},
ISSN = {2070-1721},
PUBLISHER = "{RFC Editor}",
INSTITUTION = "{RFC Editor}",
URL={http://tools.ietf.org/html/rfc4301}
}
   
@article{elasticswitch,
author = {Popa, Lucian and Yalagandula, Praveen and Banerjee, Sujata and Mogul, Jeffrey C. and Turner, Yoshio and Santos, Jose Renato},
title = {ElasticSwitch: Practical Work-conserving Bandwidth Guarantees for Cloud Computing},
journal = SIGCOMM,
year = {2013},
} booktitle = {Proceedings of the ACM SIGCOMM 2013 Conference on SIGCOMM},isbn = {978-1-4503-2056-6},
location = {Hong Kong, China},
pages = {351--362},
numpages = {12},
url = {http://doi.acm.org/10.1145/2486001.2486027},
doi = {10.1145/2486001.2486027},
acmid = {2486027},
publisher = {ACM},
address = {New York, NY, USA},
keywords = {bandwidth guarantees, cloud computing, work-conserving},

   
duplicate... {EYEQ,
author = {Vimalkumar Jeyakumar and Mohammad Alizadeh and David Mazi{\`e}res and Balaji Prabhakar and Albert Greenberg and Changhoon Kim},
title = {EyeQ: Practical Network Performance Isolation at the Edge},
booktitle = {Presented as part of the 10th USENIX Symposium on Networked Systems Design and Implementation (NSDI 13)},
year = {2013},
isbn = {978-1-931971-00-3},
address = {Lombard, IL},
pages = {297--311},
url = {https://www.usenix.org/conference/nsdi13/technical-sessions/presentation/jeyakumar},
publisher = {USENIX},
}
   
@article{3g4gbufferbloat,
author = {Jiang, Haiqing and Wang, Yaogong and Lee, Kyunghan and Rhee, Injong},
title = {Tackling Bufferbloat in {3G/4G} Networks},
journal = {IMC},
year = {2012},
} booktitle = {Proceedings of the 2012 ACM Conference on Internet Measurement Conference},isbn = {978-1-4503-1705-4},
location = {Boston, Massachusetts, USA},
pages = {329--342},
numpages = {14},
url = {http://doi.acm.org/10.1145/2398776.2398810},
doi = {10.1145/2398776.2398810},
acmid = {2398810},
publisher = {ACM},
address = {New York, NY, USA},
keywords = {buerbloat, cellular networks, receive window, tcp},

@article{tcpcrypt,
 author = {Bittau, Andrea and Hamburg, Michael and Handley, Mark and Mazi\`{e}res, David and Boneh, Dan},
 title = {The Case for Ubiquitous Transport-level Encryption},
 journal = {USENIX Security},
 year = {2010},
}  isbn = {888-7-6666-5555-4},
 location = {Washington, DC},
 pages = {26--26},
 numpages = {1},
 url = {http://dl.acm.org/citation.cfm?id=1929820.1929855},
 acmid = {1929855},
 publisher = {USENIX Association},
 address = {Berkeley, CA, USA},


@article{nsdi15,
  title={Attaining the Promise and Avoiding the Pitfalls of {TCP} in the Datacenter},
  author={Judd, Glenn},
  journal=NSDI,
  year=2015
}

@article{globecom,
  title={Using {Data Center TCP (DCTCP)} in the {I}nternet},
  author={Kuhlewind, Mirja and Wagner, David P and Espinosa, Juan Manuel Reyes and Briscoe, Bob},
  journal={IEEE Globecom Workshops},
  year={2014},
}   pages={583--588},

@article{DCTCP1,
  title={{Data Center TCP (DCTCP)}},
  author={Alizadeh, Mohammad and Greenberg, Albert and Maltz, David A and Padhye, Jitendra and Patel, Parveen and Prabhakar, Balaji and Sengupta, Sudipta and Sridharan, Murari},
  journal=SIGCOMM,
  year={2011},
}  volume={41},
  number={4},
  pages={63--74},   publisher={ACM}

@article{DCTCP2,
  title={Analysis of {DCTCP}: stability, convergence, and fairness},
  author={Alizadeh, Mohammad and Javanmard, Adel and Prabhakar, Balaji},
  journal={ACM SIGMETRICS},
  year={2011},
}  pages={73--84},

@article{Timely,
  title={{TIMELY: RTT}-based congestion control for the datacenter},
  author={Mittal, Radhika and Dukkipati, Nandita and Blem, Emily and Wassel, Hassan and Ghobadi, Monia and Vahdat, Amin and Wang, Yaogong and Wetherall, David and Zats, David and others},
journal=SIGCOMM,
  year={2015},
}  pages={537--550},

@article{MPTCP,
  title={Improving datacenter performance and robustness with multipath {TCP}},
  author={Raiciu, Costin and Barre, Sebastien and Pluntke, Christopher and Greenhalgh, Adam and Wischik, Damon and Handley, Mark},
journal=SIGCOMM,
  year={2011},
}  volume={41},
  number={4},
  pages={266--277},

@article{D2TCP,
  title={Deadline-aware {Datacenter TCP (D2TCP)}},
  author={Vamanan, Balajee and Hasan, Jahangir and Vijaykumar, TN},
journal=SIGCOMM,
  year={2012}
}  volume={42},
  number={4},
  pages={115--126},

@article{DX,
  title={Accurate latency-based congestion feedback for datacenters},
  author={Lee, Changhyun and Park, Chunjong and Jang, Keon and Moon, Sue and Han, Dongsu},
  journal={USENIX ATC},
  year={2015}
}  volume={15},

@article{TCP-Bolt,
  title={Practical {DCB} for improved data center networks},
  author={Stephens, Brent and Cox, Alan L and Singla, Anubhav and Carter, Jenny and Dixon, Colin and Felter, Wes},
journal=INFOCOM,
  year={2014}
}  pages={1824--1832},

@article{DCQCN,
  title={Congestion Control for Large-Scale {RDMA} Deployments},
  author={Zhu, Yibo and Eran, Haggai and Firestone, Daniel and Guo, Chuanxiong and Lipshteyn, Marina and Liron, Yehonatan and Padhye, Jitendra and Raindel, Shachar and Yahia, Mohamad Haj and Zhang, Ming},
journal=SIGCOMM,
  year={2015},
}  pages={523--536},

@article{survey,
  title={Transport protocols for data center networks: a survey of issues, solutions and challenges},
  author={Sreekumari, Prasanthi and Jung, Jae-il},
  journal={Photonic Network Communications},
  pages={1--17},
  year={2015},
  publisher={Springer}
}

@article{Halfback,
  title={Halfback: Running Short Flows Quickly and Safely},
  author={Li, Qingxi and Dong, Mo and Godfrey, Brighten},
  journal={{ACM CoNEXT}},
  year=2015
}

@article{PCC,
 author = {Dong, Mo and Li, Qingxi and Zarchy, Doron and Godfrey, Brighten and Schapira, Michael},
 title = {Rethinking Congestion Control Architecture: Performance-oriented Congestion Control},
journal=SIGCOMM,
 year = {2014},
} 

@article{Remy,
  title={{TCP} ex machina: Computer-generated congestion control},
  author={Winstein, Keith and Balakrishnan, Hari},
journal=SIGCOMM,
  year={2013},
}  volume={43},
  number={4},
  pages={123--134},

@article{Tao,
  title={An experimental study of the learnability of congestion control},
  author={Sivaraman, Anirudh and Winstein, Keith and Thaker, Pratiksha and Balakrishnan, Hari},
journal=SIGCOMM,
  year={2014},
}  pages={479--490},

@article{EWA,
  title={Explicit window adaptation: A method to enhance {TCP} performance},
  author={Kalampoukas, Lampros and Varma, Anujan and Ramakrishnan, KK},
journal=INFOCOM,
  year={1998},
}  volume={1},
  pages={242--251},

@article{TRC1,
  title={{TCP} rate control},
  author={Karandikar, Shrikrishna and Kalyanaraman, Shivkumar and Bagal, Prasad and Packer, Bob},
journal=SIGCOMM,
  year={2000},
}  volume={30},
  number={1},
  pages={45--58},

@article{TRC2,
  title={A self-regulating {TCP} acknowledgment ({ACK}) pacing scheme},
  author={Aweya, James and Ouellette, Michel and Montuno, Delfin},
  journal={International Journal of Network Management},
  volume={12},
  number={3},
  pages={145--163},
  year={2002},
  publisher={Wiley Online Library}
}


@article{TRC3,
  title={Assessing and improving {TCP} rate shaping over edge gateways},
  author={Wei, Huan-Yun and Tsao, Shih-Chiang and Lin, Ying-Dar},
  journal=IEEE_J_C,
  volume={53},
  number={3},
  pages={259--275},
  year={2004}
  }

@article{proxy,
  title={On-board satellite split {TCP} proxy},
  author={Luglio, Michele and Sanadidi, M Yahya and Gerla, Mario and Stepanek, James},
  journal=IEEE_JSAC,
  volume={22},
  number={2},
  pages={362--370},
  year={2004},
  publisher={IEEE}
}

@article{Snoop,
  title={Improving reliable transport and handoff performance in cellular wireless networks},
  author={Balakrishnan, Hari and Seshan, Srinivasan and Katz, Randy H},
  journal={Wireless Networks},
  volume={1},
  number={4},
  pages={469--481},
  year={1995},
}  publisher={Springer-Verlag New York, Inc.}

@article{wireless-survey,
  title={A survey on improving {TCP} performance over wireless networks},
  author={Chen, Xiang and Zhai, Hongqiang and Wang, Jianfeng and Fang, Yuguang},
  journal={Resource management in wireless networking},
  year={2005},
}  publisher={Springer}
  pages={657--695},

@article{introspection,
  title={A Virtual Machine Introspection Based Architecture for Intrusion Detection},
  author={Garfinkel, Tal and Rosenblum, Mendel},
  journal={NDSS},
  year={2003}
}  volume={3},
  pages={191--206},


@article{active,
  title={Lares: An architecture for secure active monitoring using virtualization},
  author={Payne, Bryan D and Carbone, Martim and Sharif, Monirul and Lee, Wenke},
  journal={IEEE Symposium on Security and Privacy},
  year={2008},
}  pages={233--247},

@misc{vmsafe,
title={{VMsafe}},
howpublished={\url{https://www.vmware.com/company/news/releases/vmsafe_vmworld}}
}

@article{vshaper,
  title={Virtualizing traffic shapers for practical resource allocation},
  author={Kumar, Gautam and Kandula, Srikanth and Bodik, Peter and Menache, Ishai},
  journal={{USENIX} {HotCloud}},
  year=2013
}

@article{senic,
  title={SENIC: Scalable {NIC} for end-host rate limiting},
  author={Radhakrishnan, Sivasankar and Geng, Yilong and Jeyakumar, Vimalkumar and Kabbani, Abdul and Porter, George and Vahdat, Amin},
  journal={{USENIX NSDI}},
  year={2014}
}

@article{eyeq,
  title={{EyeQ}: Practical network performance isolation at the edge},
  author={Jeyakumar, Vimalkumar and Alizadeh, Mohammad and %Mazi{\`e}res, David and Prabhakar, Balaji and Kim, Changhoon and Greenberg, Albert},
  journal={{USENIX NSDI}},
  year={2013}
}


@article{seawall,
  title={Sharing the Data Center Network.},
  author={Shieh, Alan and Kandula, Srikanth and Greenberg, Albert G and Kim, Changhoon and Saha, Bikas},
  journal={{USENIX NSDI}},
  year={2011}
}

@article{oktopus,
  title={Towards predictable datacenter networks},
  author={Ballani, Hitesh and Costa, Paolo and Karagiannis, Thomas and Rowstron, Ant},
  journal=SIGCOMM,
  year={2011},
}
  volume={41},
  number={4},
  pages={242--253},

@article{secondnet,
  title={Secondnet: a data center network virtualization architecture with bandwidth guarantees},
  author={Guo, Chuanxiong and Lu, Guohan and Wang, Helen J and Yang, Shuang and Kong, Chao and Sun, Peng and Wu, Wenfei and Zhang, Yongguang},
  journal={{ACM CoNEXT}},
  year={2010},
}

@article{fastrak,
  title={{FasTrak}: enabling express lanes in multi-tenant data centers},
  author={Niranjan Mysore, Radhika and Porter, George and Vahdat, Amin},
  journal={{ACM CoNEXT}},
  year={2013},
}

@inproceedings{nic,
  title={The {NIC} is the hypervisor: bare-metal guests in {IaaS} clouds},
  author={Mogul, Jeffrey C and Mudigonda, Jayaram and Santos, Jose Renato and Turner, Yoshio},
  journal={{USENIX HotOS}},
  year={2013},
}

@techreport{softnic,
    Author = {Han, Sangjin and Jang, Keon and Panda, Aurojit and Palkar, Shoumik and Han, Dongsu and Ratnasamy, Sylvia},
    Title = {{SoftNIC}: A Software {NIC} to Augment Hardware},
    Institution = {UC Berkeley},
    Year = {2015},
    howpublished={\url{http://www.eecs.berkeley.edu/Pubs/TechRpts/2015/EECS-2015-155.html}},
    Number = {UCB/EECS-2015-155},
}

 
 @techreport{Zhang:2000:UEP:867146,
 author = {Zhang, Yin and Qiu, Lili},
 title = {Understanding the End-to-End Performance Impact of {RED} in a Heterogeneous Environment},
 year = {2000},
 url = {\url{http://www.ncstrl.org:8900/ncstrl/servlet/search?formname=detail\&id=oai%3Ancstrlh%3Acornellcs%3ACORNELLCS%3ATR2000-1802}},
Institution = {Cornell} 
}   address = {Cornell, NY, USA},





@inproceedings{shankar1996transient,
  title={Transient and steady-state performance of routing protocols: Distance-vector versus link-state},
  author={Shankar, A Udaya and Alaettinoglu, Cengiz and Dussa-Zieger, Klaudia and Matta, Ibrahim},
  booktitle={Internetworking: Research and Experience},
  year={1996}
}

@article{Handigol:2012:RNE:2413176.2413206,
 author = {Handigol, Nikhil and Heller, Brandon and Jeyakumar, Vimalkumar and Lantz, Bob and McKeown, Nick},
 title = {Reproducible Network Experiments Using Container-based Emulation},
 journal = {ACM CoNEXT},
 year = {2012},
}  isbn = {978-1-4503-1775-7},
 location = {Nice, France},
 pages = {253--264},
 numpages = {12},
 url = {http://doi.acm.org/10.1145/2413176.2413206},
 doi = {10.1145/2413176.2413206},
 acmid = {2413206},
 publisher = {ACM},
 address = {New York, NY, USA},
 keywords = {container-based emulation, reproducible research},

@article{Floyd:1994:TEC:205511.205512,
 author = {Floyd, Sally},
 title = {{TCP} and Explicit Congestion Notification},
 journal = SIGCOMM,
 year = {1994},
}  issue_date = {Oct. 1994},
 volume = {24},
 number = {5},
 month = oct,
 issn = {0146-4833},
 pages = {8--23},
 numpages = {16},
 url = {http://doi.acm.org/10.1145/205511.205512},
 doi = {10.1145/205511.205512},
 acmid = {205512},
 publisher = {ACM},
 address = {New York, NY, USA},

@article{ecn-star,
  title={Tuning {ECN} for data center networks},
  author={Wu, Haitao and Ju, Jiabo and Lu, Guohan and Guo, Chuanxiong and Xiong, Yongqiang and Zhang, Yongguang},
  journal={{ACM CoNEXT}},
  year={2012},
}  booktitle={Proceedings of the 8th international conference on Emerging networking experiments and technologies},
  pages={25--36},  organization={ACM}

@article{Kuhlewind:2013:SET:2482362.2482380,
 author = {K\"{u}hlewind, Mirja and Neuner, Sebastian and Trammell, Brian},
 title = {On the State of {ECN and TCP} Options on the {I}nternet},
 journal = {International Conference on Passive and Active Measurement},
 year = {2013},
}  series = {PAM'13},
 isbn = {978-3-642-36515-7},
 location = {Hong Kong, China},
 pages = {135--144},
 numpages = {10},
 url = {http://dx.doi.org/10.1007/978-3-642-36516-4_14},
 doi = {10.1007/978-3-642-36516-4_14},
 acmid = {2482380},
 publisher = {Springer-Verlag},
 address = {Berlin, Heidelberg},

@article{43838,
title = {{BwE}: Flexible, Hierarchical Bandwidth Allocation for {WAN} Distributed Computing},
author  = {Alok Kumar and Sushant Jain and Uday Naik and Nikhil Kasinadhuni and Enrique Cauich Zermeno and C. Stephen Gunn and Jing Ai and Bjorn Carlin and Mihai Amarandei-Stavila and Mathieu Robin and Aspi Siganporia and Stephen Stuart and Amin Vahdat},
year  = 2015,
journal = SIGCOMM
}

@article{savage,
  title={{TCP} congestion control with a misbehaving receiver},
  author={Savage, Stefan and Cardwell, Neal and Wetherall, David and Anderson, Tom},
  journal=SIGCOMM,
  year={1999},
  publisher={ACM}
}   volume={29},
  number={5},
  pages={71--78},

