
@inproceedings{vanjacobson,
  author = {Van Jacobson and Michael J. Karels},
  title = {Congestion Avoidance and Control},
  booktitle = {SIGCOMM '88},
  year = {1988}
}


@inproceedings{le2016understanding,
    author = {Le, Franck and Nahum, Erich and Kandlur, Dilip},
    title = {Understanding the Performance and Bottlenecks of Cloud-Routed Overlay Networks: A Case Study},
    booktitle = {CAN '16},
    year = {2016},
    publisher = {ACM}
}

@inproceedings{siracusano2016miniproxy,
    author = {Siracusano, Giuseppe and Bifulco, Roberto and Kuenzer, Simon and Salsano, Stefano and Melazzi, Nicola Blefari and Huici, Felipe},
    title = {On the Fly TCP Acceleration with Miniproxy},
    booktitle = {HotMIddlebox '16},
    year = {2016},
    pages = {44--49},
    publisher = {ACM},
    keywords = {Early SYN Forwarding, HTTP proxy, Middleboxes, TCP Acceleration, TCP proxy, Unikernels}
}

@inproceedings{jeyakumar2012eyeq,
    author = {Vimalkumar Jeyakumar and Mohammad Alizadeh and David Mazi{\`{e}}res and Balaji Prabhakar and Changhoon Kim},
    title = {EyeQ: Practical Network Performance Isolation for the Multi-tenant Cloud},
    booktitle = {HotCloud '12},
    year = {2012},
}

@inproceedings{narayan2017ccp,
  author    = {Akshay Narayan and Frank Cangialosi and Prateesh Goyal and Srinivas Narayana and Mohammad Alizadeh and Hari Balakrishnan},
  title     = {The Case for Moving Congestion Control Out of the Datapath},
  booktitle = {HotNets '17},
  pages     = {101--107},
  year      = {2017},
}

@inproceedings{alizadeh2010dctcp,
  author    = {Mohammad Alizadeh and Albert G. Greenberg and David A. Maltz and Jitendra Padhye and Parveen Patel and Balaji Prabhakar and Sudipta Sengupta and Murari Sridharan},
  title     = {Data center {TCP} {(DCTCP)}},
  booktitle = {SIGCOMM '10},
  pages     = {63--74},
  year      = {2010},
}

@inproceedings{keqiang2016acdc,
  author    = {Keqiang He and Eric Rozner and Kanak Agarwal and Yu (Jason) Gu and Wes Felter and John B. Carter and Aditya Akella},
  title     = {{AC/DC} {TCP:} Virtual Congestion Control Enforcement for Datacenter
               Networks},
  booktitle = {{SIGCOMM} '16},
  pages     = {244--257},
  year      = {2016},
}

@article{jang2015silo,
    author = {Jang, Keon and Sherry, Justine and Ballani, Hitesh and Moncaster, Toby},
    title = {Silo: Predictable Message Latency in the Cloud},
    booktitle = {{SIGCOMM} '15},
    year = {2015},
} 

@inproceedings{chakravorty2003aggregation,
  author    = {Rajiv Chakravorty and Sachin Katti and Ian Pratt and
               Jon Crowcroft},
  title     = {Flow Aggregation for Enhanced {TCP} over Wide Area Wireless},
  booktitle = {{INFOCOM} '03},
  pages     = {1754--1764},
  year      = {2003},
}

@inproceedings{jose2015proactive,
 author = {Jose, Lavanya and Yan, Lisa and Alizadeh, Mohammad and Varghese, George and McKeown, Nick and Katti, Sachin},
 title = {High Speed Networks Need Proactive Congestion Control},
 booktitle = {HotNets '15},
} 

@inproceedings{le2015experiences,
    author = {Le, Franck and Nahum, Erich and Pappas, Vasilis and Touma, Maroun and Verma, Dinesh},
    title = {Experiences Deploying a Transparent Split {TCP} Middlebox and the Implications for {NFV}},
    booktitle = {HotMiddlebox '15},
    year = {2015},
    pages = {31--36},
} 

@article{CRONets,
  title={{CRONets}: Cloud-Routed Overlay Networks},
  author={Cai, Chris and Le, Franck and Sun, Xin and Xie, Geoffrey and Jamjoom, Hani and Campbell, Roy},
  journal={ICDCS},
  year=2016
}
